<record><leader>00000cas a22000007a 4500</leader><controlfield tag="001">25622565</controlfield><controlfield tag="008">920410d18901894ncudn ne      0    0eng d</controlfield><controlfield tag="009">13381</controlfield><datafield ind1=" " ind2=" " tag="010"><subfield code="a">sn 92073005 </subfield></datafield><datafield ind1=" " ind2=" " tag="040"><subfield code="a">NVJ</subfield><subfield code="b">eng</subfield><subfield code="c">NVJ</subfield><subfield code="d">DLC</subfield><subfield code="d">OCLCF</subfield></datafield><datafield ind1=" " ind2=" " tag="042"><subfield code="a">msc</subfield></datafield><datafield ind1=" " ind2=" " tag="043"><subfield code="a">n-us-nc</subfield></datafield><datafield ind1="0" ind2="0" tag="050"><subfield code="a">Newspaper</subfield></datafield><datafield ind1="0" ind2=" " tag="130"><subfield code="a">Daily evening visitor (Raleigh, N.C. : 1890)</subfield></datafield><datafield ind1="1" ind2="4" tag="245"><subfield code="a">The daily evening visitor.</subfield></datafield><datafield ind1=" " ind2=" " tag="260"><subfield code="a">Raleigh [N.C.] :</subfield><subfield code="b">Brown &amp; Ferrell,</subfield></datafield><datafield ind1=" " ind2=" " tag="300"><subfield code="a">v.</subfield></datafield><datafield ind1=" " ind2=" " tag="310"><subfield code="a">Daily (except Sunday)</subfield></datafield><datafield ind1="0" ind2=" " tag="362"><subfield code="a">Vol. 12 [sic], no. 126 (March 26, 1890)-v. 30, no. 120 (March 15, 1894).</subfield></datafield><datafield ind1=" " ind2=" " tag="515"><subfield code="a">Vol. 12 was repeated for several years.</subfield></datafield><datafield ind1=" " ind2="0" tag="651"><subfield code="a">Raleigh (N.C.)</subfield><subfield code="v">Newspapers.</subfield></datafield><datafield ind1=" " ind2="7" tag="655"><subfield code="a">Newspapers.</subfield><subfield code="2">fast</subfield><subfield code="0">(OCoLC)fst01423814</subfield></datafield><datafield ind1=" " ind2="7" tag="651"><subfield code="a">North Carolina</subfield><subfield code="z">Raleigh.</subfield><subfield code="2">fast</subfield><subfield code="0">(OCoLC)fst01206341</subfield></datafield><datafield ind1=" " ind2=" " tag="752"><subfield code="a">United States</subfield><subfield code="b">North Carolina</subfield><subfield code="c">Wake</subfield><subfield code="d">Raleigh.</subfield></datafield><datafield ind1="0" ind2="0" tag="780"><subfield code="t">Raleigh evening visitor</subfield><subfield code="w">(DLC)sn 92073004</subfield></datafield><datafield ind1="0" ind2="0" tag="785"><subfield code="t">Evening visitor (Raleigh, N.C. : 1894)</subfield><subfield code="w">(DLC)sn 93064777</subfield></datafield></record>